@article{DBLP:journals/corr/SixtWL17,
  author    = {Leon Sixt and
               Benjamin Wild and
               Tim Landgraf},
  title     = {RenderGAN: Generating Realistic Labeled Data},
  journal   = {CoRR},
  volume    = {abs/1611.01331},
  year      = {2016},
  url       = {http://arxiv.org/abs/1611.01331},
  timestamp = {Wed, 07 Jun 2017 14:42:41 +0200},
  biburl    = {http://dblp.uni-trier.de/rec/bib/journals/corr/SixtWL16},
  bibsource = {dblp computer science bibliography, http://dblp.org}
}
@book{Pharr:2010:PBR:1854996,
 author = {Pharr, Matt and Humphreys, Greg},
 title = {Physically Based Rendering, Second Edition: From Theory To Implementation},
 year = {2010},
 isbn = {0123750792, 9780123750792},
 edition = {2nd},
 publisher = {Morgan Kaufmann Publishers Inc.},
 address = {San Francisco, CA, USA},
} 

@article{Chaitanya:2017:IRM:3072959.3073601,
 author = {Chaitanya, Chakravarty R. Alla and Kaplanyan, Anton S. and Schied, Christoph and Salvi, Marco and Lefohn, Aaron and Nowrouzezahrai, Derek and Aila, Timo},
 title = {Interactive Reconstruction of Monte Carlo Image Sequences Using a Recurrent Denoising Autoencoder},
 journal = {ACM Trans. Graph.},
 issue_date = {July 2017},
 volume = {36},
 number = {4},
 month = jul,
 year = {2017},
 issn = {0730-0301},
 pages = {98:1--98:12},
 articleno = {98},
 numpages = {12},
 url = {http://doi.acm.org/10.1145/3072959.3073601},
 doi = {10.1145/3072959.3073601},
 acmid = {3073601},
 publisher = {ACM},
 address = {New York, NY, USA},
 keywords = {Monte Carlo denoising, image reconstruction, interactive global illumination, machine learning},
} 

@article{DBLP:journals/corr/ShrivastavaPTSW16,
  author    = {Ashish Shrivastava and
               Tomas Pfister and
               Oncel Tuzel and
               Josh Susskind and
               Wenda Wang and
               Russ Webb},
  title     = {Learning from Simulated and Unsupervised Images through Adversarial
               Training},
  journal   = {CoRR},
  volume    = {abs/1612.07828},
  year      = {2016},
  url       = {http://arxiv.org/abs/1612.07828},
  timestamp = {Wed, 07 Jun 2017 14:40:12 +0200},
  biburl    = {http://dblp.uni-trier.de/rec/bib/journals/corr/ShrivastavaPTSW16},
  bibsource = {dblp computer science bibliography, http://dblp.org}
}

@article{DBLP:journals/corr/NalbachAMSR16,
  author    = {Oliver Nalbach and
               Elena Arabadzhiyska and
               Dushyant Mehta and
               Hans{-}Peter Seidel and
               Tobias Ritschel},
  title     = {Deep Shading: Convolutional Neural Networks for Screen-Space Shading},
  journal   = {CoRR},
  volume    = {abs/1603.06078},
  year      = {2016},
  url       = {http://arxiv.org/abs/1603.06078},
  timestamp = {Wed, 07 Jun 2017 14:41:08 +0200},
  biburl    = {http://dblp.uni-trier.de/rec/bib/journals/corr/NalbachAMSR16},
  bibsource = {dblp computer science bibliography, http://dblp.org}
}

@article{DBLP:journals/corr/WangG16,
  author    = {Xiaolong Wang and
               Abhinav Gupta},
  title     = {Generative Image Modeling using Style and Structure Adversarial Networks},
  journal   = {CoRR},
  volume    = {abs/1603.05631},
  year      = {2016},
  url       = {http://arxiv.org/abs/1603.05631},
  timestamp = {Fri, 18 Aug 2017 15:54:43 +0200},
  biburl    = {http://dblp.uni-trier.de/rec/bib/journals/corr/WangG16},
  bibsource = {dblp computer science bibliography, http://dblp.org}
}

@article{DBLP:journals/corr/OdenaOS16,
  author    = {Augustus Odena and
               Christopher Olah and
               Jonathon Shlens},
  title     = {Conditional Image Synthesis With Auxiliary Classifier GANs},
  journal   = {CoRR},
  volume    = {abs/1610.09585},
  year      = {2016},
  url       = {http://arxiv.org/abs/1610.09585},
  timestamp = {Wed, 07 Jun 2017 14:40:47 +0200},
  biburl    = {http://dblp.uni-trier.de/rec/bib/journals/corr/OdenaOS16},
  bibsource = {dblp computer science bibliography, http://dblp.org}
}

@article{DBLP:journals/corr/ZhangSYSLJF16,
  author    = {Yinda Zhang and
               Shuran Song and
               Ersin Yumer and
               Manolis Savva and
               Joon{-}Young Lee and
               Hailin Jin and
               Thomas A. Funkhouser},
  title     = {Physically-Based Rendering for Indoor Scene Understanding Using Convolutional
               Neural Networks},
  journal   = {CoRR},
  volume    = {abs/1612.07429},
  year      = {2016},
  url       = {http://arxiv.org/abs/1612.07429},
  timestamp = {Wed, 07 Jun 2017 14:42:52 +0200},
  biburl    = {http://dblp.uni-trier.de/rec/bib/journals/corr/ZhangSYSLJF16},
  bibsource = {dblp computer science bibliography, http://dblp.org}
}

@article{DBLP:journals/corr/Movshovitz-Attias16,
  author    = {Yair Movshovitz{-}Attias and
               Takeo Kanade and
               Yaser Sheikh},
  title     = {How useful is photo-realistic rendering for visual learning?},
  journal   = {CoRR},
  volume    = {abs/1603.08152},
  year      = {2016},
  url       = {http://arxiv.org/abs/1603.08152},
  timestamp = {Wed, 07 Jun 2017 14:41:52 +0200},
  biburl    = {http://dblp.uni-trier.de/rec/bib/journals/corr/Movshovitz-Attias16},
  bibsource = {dblp computer science bibliography, http://dblp.org}
}

@article{DBLP:journals/corr/VeeravasarapuRR16,
  author    = {V. S. R. Veeravasarapu and
               Constantin A. Rothkopf and
               Visvanathan Ramesh},
  title     = {Model-driven Simulations for Deep Convolutional Neural Networks},
  journal   = {CoRR},
  volume    = {abs/1605.09582},
  year      = {2016},
  url       = {http://arxiv.org/abs/1605.09582},
  timestamp = {Wed, 07 Jun 2017 14:42:21 +0200},
  biburl    = {http://dblp.uni-trier.de/rec/bib/journals/corr/VeeravasarapuRR16},
  bibsource = {dblp computer science bibliography, http://dblp.org}
}

@article{DBLP:journals/corr/RichterVRK16,
  author    = {Stephan R. Richter and
               Vibhav Vineet and
               Stefan Roth and
               Vladlen Koltun},
  title     = {Playing for Data: Ground Truth from Computer Games},
  journal   = {CoRR},
  volume    = {abs/1608.02192},
  year      = {2016},
  url       = {http://arxiv.org/abs/1608.02192},
  timestamp = {Wed, 07 Jun 2017 14:40:55 +0200},
  biburl    = {http://dblp.uni-trier.de/rec/bib/journals/corr/RichterVRK16},
  bibsource = {dblp computer science bibliography, http://dblp.org}
}

@article{DBLP:journals/corr/ShafaeiLS16,
  author    = {Alireza Shafaei and
               James J. Little and
               Mark Schmidt},
  title     = {Play and Learn: Using Video Games to Train Computer Vision Models},
  journal   = {CoRR},
  volume    = {abs/1608.01745},
  year      = {2016},
  url       = {http://arxiv.org/abs/1608.01745},
  timestamp = {Wed, 07 Jun 2017 14:40:58 +0200},
  biburl    = {http://dblp.uni-trier.de/rec/bib/journals/corr/ShafaeiLS16},
  bibsource = {dblp computer science bibliography, http://dblp.org}
}

@ARTICLE{2014arXiv1409.7495G,
   author = {{Ganin}, Y. and {Lempitsky}, V.},
    title = "{Unsupervised Domain Adaptation by Backpropagation}",
  journal = {ArXiv e-prints},
archivePrefix = "arXiv",
   eprint = {1409.7495},
 primaryClass = "stat.ML",
 keywords = {Statistics - Machine Learning, Computer Science - Learning, Computer Science - Neural and Evolutionary Computing},
     year = 2014,
    month = sep,
   adsurl = {http://adsabs.harvard.edu/abs/2014arXiv1409.7495G},
  adsnote = {Provided by the SAO/NASA Astrophysics Data System}
}

@inproceedings{Schied:2017:SVF:3105762.3105770,
 author = {Schied, Christoph and Kaplanyan, Anton and Wyman, Chris and Patney, Anjul and Chaitanya, Chakravarty R. Alla and Burgess, John and Liu, Shiqiu and Dachsbacher, Carsten and Lefohn, Aaron and Salvi, Marco},
 title = {Spatiotemporal Variance-guided Filtering: Real-time Reconstruction for Path-traced Global Illumination},
 booktitle = {Proceedings of High Performance Graphics},
 series = {HPG '17},
 year = {2017},
 isbn = {978-1-4503-5101-0},
 location = {Los Angeles, California},
 pages = {2:1--2:12},
 articleno = {2},
 numpages = {12},
 url = {http://doi.acm.org/10.1145/3105762.3105770},
 doi = {10.1145/3105762.3105770},
 acmid = {3105770},
 publisher = {ACM},
 address = {New York, NY, USA},
 keywords = {global illumination, real-time rendering, reconstruction},
} 

@article{DBLP:journals/corr/ZhaoGFK15,
  author    = {Hang Zhao and
               Orazio Gallo and
               Iuri Frosio and
               Jan Kautz},
  title     = {Loss Functions for Neural Networks for Image Processing},
  journal   = {CoRR},
  volume    = {abs/1511.08861},
  year      = {2015},
  url       = {http://arxiv.org/abs/1511.08861},
  timestamp = {Wed, 07 Jun 2017 14:41:15 +0200},
  biburl    = {http://dblp.uni-trier.de/rec/bib/journals/corr/ZhaoGFK15},
  bibsource = {dblp computer science bibliography, http://dblp.org}
}

@ARTICLE{2014arXiv1406.2661G,
   author = {{Goodfellow}, I.~J. and {Pouget-Abadie}, J. and {Mirza}, M. and 
	{Xu}, B. and {Warde-Farley}, D. and {Ozair}, S. and {Courville}, A. and 
	{Bengio}, Y.},
    title = "{Generative Adversarial Networks}",
  journal = {ArXiv e-prints},
archivePrefix = "arXiv",
   eprint = {1406.2661},
 primaryClass = "stat.ML",
 keywords = {Statistics - Machine Learning, Computer Science - Learning},
     year = 2014,
    month = jun,
   adsurl = {http://adsabs.harvard.edu/abs/2014arXiv1406.2661G},
  adsnote = {Provided by the SAO/NASA Astrophysics Data System}
}

@inproceedings{LeCun:2004:LMG:1896300.1896315,
 author = {LeCun, Yann and Huang, Fu Jie and Bottou, L{\'e}on},
 title = {Learning Methods for Generic Object Recognition with Invariance to Pose and Lighting},
 booktitle = {Proceedings of the 2004 IEEE Computer Society Conference on Computer Vision and Pattern Recognition},
 series = {CVPR'04},
 year = {2004},
 location = {Washington, D.C., USA},
 pages = {97--104},
 numpages = {8},
 url = {http://dl.acm.org/citation.cfm?id=1896300.1896315},
 acmid = {1896315},
 publisher = {IEEE Computer Society},
 address = {Washington, DC, USA},
} 

@misc{Mitsuba,
   Author = {Wenzel Jakob},
   Year = {2010},
   Note = {http://www.mitsuba-renderer.org},
   Title = {Mitsuba renderer}
}

@book{Shreiner:2013:OPG:2544032,
 author = {Shreiner, Dave and Sellers, Graham and Kessenich, John M. and Licea-Kane, Bill M.},
 title = {OpenGL Programming Guide: The Official Guide to Learning OpenGL, Version 4.3},
 year = {2013},
 isbn = {0321773039, 9780321773036},
 edition = {8th},
 publisher = {Addison-Wesley Professional},
} 

@article{DBLP:journals/corr/SimonyanZ14a,
  author    = {Karen Simonyan and
               Andrew Zisserman},
  title     = {Very Deep Convolutional Networks for Large-Scale Image Recognition},
  journal   = {CoRR},
  volume    = {abs/1409.1556},
  year      = {2014},
  url       = {http://arxiv.org/abs/1409.1556},
  timestamp = {Wed, 07 Jun 2017 14:41:51 +0200},
  biburl    = {http://dblp.uni-trier.de/rec/bib/journals/corr/SimonyanZ14a},
  bibsource = {dblp computer science bibliography, http://dblp.org}
}

@inproceedings{Ramamoorthi:2001:ERI:383259.383317,
 author = {Ramamoorthi, Ravi and Hanrahan, Pat},
 title = {An Efficient Representation for Irradiance Environment Maps},
 booktitle = {Proceedings of the 28th Annual Conference on Computer Graphics and Interactive Techniques},
 series = {SIGGRAPH '01},
 year = {2001},
 isbn = {1-58113-374-X},
 pages = {497--500},
 numpages = {4},
 url = {http://doi.acm.org/10.1145/383259.383317},
 doi = {10.1145/383259.383317},
 acmid = {383317},
 publisher = {ACM},
 address = {New York, NY, USA},
 keywords = {Lambertian reflectance, environment maps, illumination, irradiance, prefiltering, radiance, rendering hardware, signal processing, spherical harmonics},
} 
@article{G03,
    author = {Green, Robin},
    citeulike-article-id = {635697},
    citeulike-linkout-0 = {http://www.research.scea.com/gdc2003/spherical-harmonic-lighting.pdf},
    citeulike-linkout-1 = {http://citeseer.ist.psu.edu/contextsummary/2474973/0},
    journal = {Archives of the Game Developers Conference},
    keywords = {lighting, spherical-harmonics},
    month = mar,
    posted-at = {2006-05-15 14:52:47},
    priority = {4},
    title = {Spherical Harmonic Lighting: The Gritty Details},
    url = {http://www.research.scea.com/gdc2003/spherical-harmonic-lighting.pdf},
    year = {2003}
}
@inproceedings{Miller:1994:EAL:192161.192244,
 author = {Miller, Gavin},
 title = {Efficient Algorithms for Local and Global Accessibility Shading},
 booktitle = {Proceedings of the 21st Annual Conference on Computer Graphics and Interactive Techniques},
 series = {SIGGRAPH '94},
 year = {1994},
 isbn = {0-89791-667-0},
 pages = {319--326},
 numpages = {8},
 url = {http://doi.acm.org/10.1145/192161.192244},
 doi = {10.1145/192161.192244},
 acmid = {192244},
 publisher = {ACM},
 address = {New York, NY, USA},
 keywords = {aging, surface accessibility shading, visualisation},
} 
@misc{PYTORCH,
  author = {pyTorch},
  title = {Github Repo},
  year = {2016},
  publisher = {GitHub},
  journal = {GitHub repository},
  howpublished = {https://github.com/pytorch/pytorch},
}
@TECHREPORT{Krizhevsky09learningmultiple,
    author = {Alex Krizhevsky},
    title = {Learning multiple layers of features from tiny images},
    institution = {},
    year = {2009}
}
@ARTICLE{726791,
author={Y. Lecun and L. Bottou and Y. Bengio and P. Haffner},
journal={Proceedings of the IEEE},
title={Gradient-based learning applied to document recognition},
year={1998},
volume={86},
number={11},
pages={2278-2324},
keywords={backpropagation;convolution;multilayer perceptrons;optical character recognition;2D shape variability;GTN;back-propagation;cheque reading;complex decision surface synthesis;convolutional neural network character recognizers;document recognition;document recognition systems;field extraction;gradient based learning technique;gradient-based learning;graph transformer networks;handwritten character recognition;handwritten digit recognition task;high-dimensional patterns;language modeling;multilayer neural networks;multimodule systems;performance measure minimization;segmentation recognition;Character recognition;Feature extraction;Hidden Markov models;Machine learning;Multi-layer neural network;Neural networks;Optical character recognition software;Optical computing;Pattern recognition;Principal component analysis},
doi={10.1109/5.726791},
ISSN={0018-9219},
month={Nov},}

@misc{HPSCANNER,
  author = {HP},
  title = {HP 3D Scan: HP Official Website},
  year = {2017},
  publisher = {HP},
  journal = {HP Website},
  howpublished = {www8.hp.com/us/en/campaign/3Dscanner/overview.html},
}

@ARTICLE{Wang04imagequality,
    author = {Zhou Wang and Alan C. Bovik and Hamid R. Sheikh and Eero P. Simoncelli},
    title = {Image Quality Assessment: From Error Visibility to Structural Similarity},
    journal = {IEEE TRANSACTIONS ON IMAGE PROCESSING},
    year = {2004},
    volume = {13},
    number = {4},
    pages = {600--612}
}

@inproceedings{Saito:1990:CRS:97879.97901,
 author = {Saito, Takafumi and Takahashi, Tokiichiro},
 title = {Comprehensible Rendering of 3-D Shapes},
 booktitle = {Proceedings of the 17th Annual Conference on Computer Graphics and Interactive Techniques},
 series = {SIGGRAPH '90},
 year = {1990},
 isbn = {0-89791-344-2},
 location = {Dallas, TX, USA},
 pages = {197--206},
 numpages = {10},
 url = {http://doi.acm.org/10.1145/97879.97901},
 doi = {10.1145/97879.97901},
 acmid = {97901},
 publisher = {ACM},
 address = {New York, NY, USA},
} 

@article{Bako17,
	author 	= {Bako, Steve and Vogels, Thijs and McWilliams, Brian and Meyer, Mark and Nov\'ak, 
		   Jan and Harvill, Alex and Sen, Pradeep and DeRose, Tony and Rousselle, Fabrice},
	title	= {Kernel-Predicting Convolutional Networks for Denoising Monte Carlo Renderings},
	journal	= {ACM Transactions on Graphics (TOG) (Proceedings of SIGGRAPH 2017)},
	volume	= {36},
	number 	= {4},
	article	= {97},
	month	= {July},
	year	= {2017},
}

@article{Kalantari:2015:MLA:2809654.2766977,
 author = {Kalantari, Nima Khademi and Bako, Steve and Sen, Pradeep},
 title = {A Machine Learning Approach for Filtering Monte Carlo Noise},
 journal = {ACM Trans. Graph.},
 issue_date = {August 2015},
 volume = {34},
 number = {4},
 month = jul,
 year = {2015},
 issn = {0730-0301},
 pages = {122:1--122:12},
 articleno = {122},
 numpages = {12},
 url = {http://doi.acm.org/10.1145/2766977},
 doi = {10.1145/2766977},
 acmid = {2766977},
 publisher = {ACM},
 address = {New York, NY, USA},
 keywords = {Monte Carlo rendering, neural networks},
} 

@inproceedings{imagenet,
  title={Imagenet: A large-scale hierarchical image database},
  author={Deng, Jia and Dong, Wei and Socher, Richard and Li, Li-Jia and Li, Kai and Fei-Fei, Li},
  booktitle={Computer Vision and Pattern Recognition, 2009. CVPR 2009. IEEE Conference on},
  pages={248--255},
  year={2009},
  organization={IEEE}
}
@article{coco,
  author    = {Tsung{-}Yi Lin and
               Michael Maire and
               Serge J. Belongie and
               Lubomir D. Bourdev and
               Ross B. Girshick and
               James Hays and
               Pietro Perona and
               Deva Ramanan and
               Piotr Doll{\'{a}}r and
               C. Lawrence Zitnick},
  title     = {Microsoft {COCO:} Common Objects in Context},
  journal   = {CoRR},
  volume    = {abs/1405.0312},
  year      = {2014},
  url       = {http://arxiv.org/abs/1405.0312},
  timestamp = {Wed, 07 Jun 2017 14:41:35 +0200},
  biburl    = {http://dblp.uni-trier.de/rec/bib/journals/corr/LinMBHPRDZ14},
  bibsource = {dblp computer science bibliography, http://dblp.org}
}

@incollection{goodfellow,
title = {Generative Adversarial Nets},
author = {Goodfellow, Ian and Pouget-Abadie, Jean and Mirza, Mehdi and Xu, Bing and Warde-Farley, David and Ozair, Sherjil and Courville, Aaron and Bengio, Yoshua},
booktitle = {Advances in Neural Information Processing Systems 27},
editor = {Z. Ghahramani and M. Welling and C. Cortes and N. D. Lawrence and K. Q. Weinberger},
pages = {2672--2680},
year = {2014},
publisher = {Curran Associates, Inc.},
url = {http://papers.nips.cc/paper/5423-generative-adversarial-nets.pdf}
}

@inproceedings{Kajiya:1984:RTV:800031.808594,
 author = {Kajiya, James T. and Von Herzen, Brian P},
 title = {Ray Tracing Volume Densities},
 booktitle = {Proceedings of the 11th Annual Conference on Computer Graphics and Interactive Techniques},
 series = {SIGGRAPH '84},
 year = {1984},
 isbn = {0-89791-138-5},
 pages = {165--174},
 numpages = {10},
 url = {http://doi.acm.org/10.1145/800031.808594},
 doi = {10.1145/800031.808594},
 acmid = {808594},
 publisher = {ACM},
 address = {New York, NY, USA},
 keywords = {Clouds, Computer graphics, Light scattering, Particle systems, Radiative transport, Raster graphics, Ray tracing, Simulation of natural phenomena, Stochastic modeling},
} 
@article{DBLP:journals/corr/ChangFGHHLSSSSX15,
  author    = {Angel X. Chang and
               Thomas A. Funkhouser and
               Leonidas J. Guibas and
               Pat Hanrahan and
               Qi{-}Xing Huang and
               Zimo Li and
               Silvio Savarese and
               Manolis Savva and
               Shuran Song and
               Hao Su and
               Jianxiong Xiao and
               Li Yi and
               Fisher Yu},
  title     = {ShapeNet: An Information-Rich 3D Model Repository},
  journal   = {CoRR},
  volume    = {abs/1512.03012},
  year      = {2015},
  url       = {http://arxiv.org/abs/1512.03012},
  archivePrefix = {arXiv},
  eprint    = {1512.03012},
  timestamp = {Wed, 07 Jun 2017 14:41:05 +0200},
  biburl    = {http://dblp.org/rec/bib/journals/corr/ChangFGHHLSSSSX15},
  bibsource = {dblp computer science bibliography, http://dblp.org}
}
@article{Bousmalis2016UnsupervisedPD,
  title={Unsupervised Pixel-Level Domain Adaptation with Generative Adversarial Networks},
  author={Konstantinos Bousmalis and Nathan Silberman and David Dohan and Dumitru Erhan and Dilip Krishnan},
  journal={CoRR},
  year={2016},
  volume={abs/1612.05424}
}